<record><leader>00000cas a2200000 a 4500</leader><controlfield tag="001">11426681</controlfield><controlfield tag="008">841127d18121812mauwr ne      0   a0eng c</controlfield><datafield ind1=" " ind2=" " tag="010"><subfield code="a">sn 85047614 </subfield></datafield><datafield ind1=" " ind2=" " tag="040"><subfield code="a">TYC</subfield><subfield code="b">eng</subfield><subfield code="c">TYC</subfield><subfield code="d">NPI</subfield><subfield code="d">NPA</subfield><subfield code="d">NJW</subfield><subfield code="d">DLC</subfield><subfield code="d">KNP</subfield><subfield code="d">MGN</subfield><subfield code="d">HUL</subfield><subfield code="d">MGN</subfield><subfield code="d">TGN</subfield><subfield code="d">OCL</subfield><subfield code="d">CVF</subfield><subfield code="d">GUA</subfield><subfield code="d">DLC</subfield><subfield code="d">OCLCQ</subfield><subfield code="d">OCLCF</subfield><subfield code="d">OCLCO</subfield></datafield><datafield ind1=" " ind2=" " tag="012"><subfield code="l">1</subfield></datafield><datafield ind1="0" ind2=" " tag="022"><subfield code="a">2157-152X</subfield><subfield code="2">1</subfield></datafield><datafield ind1=" " ind2=" " tag="042"><subfield code="a">pcc</subfield><subfield code="a">nsdp</subfield></datafield><datafield ind1=" " ind2=" " tag="043"><subfield code="a">n-us-ma</subfield></datafield><datafield ind1="0" ind2="0" tag="050"><subfield code="a">Newspaper</subfield></datafield><datafield ind1=" " ind2="4" tag="050"><subfield code="a">AP2.A2</subfield><subfield code="b">S35</subfield></datafield><datafield ind1="1" ind2="0" tag="082"><subfield code="a">071</subfield><subfield code="2">14</subfield></datafield><datafield ind1=" " ind2="4" tag="222"><subfield code="a">The Boston satirist</subfield></datafield><datafield ind1="0" ind2="4" tag="245"><subfield code="a">The Boston satirist, or, Weekly museum.</subfield></datafield><datafield ind1="3" ind2="0" tag="246"><subfield code="a">Boston satirist</subfield></datafield><datafield ind1="3" ind2="0" tag="246"><subfield code="a">Weekly museum</subfield></datafield><datafield ind1="1" ind2="3" tag="246"><subfield code="a">Satirist</subfield></datafield><datafield ind1=" " ind2=" " tag="260"><subfield code="a">[Boston, Mass. :</subfield><subfield code="b">s.n.],</subfield><subfield code="c">1812.</subfield></datafield><datafield ind1=" " ind2=" " tag="300"><subfield code="a">3 v. :</subfield><subfield code="b">ill. ;</subfield><subfield code="c">42 cm.</subfield></datafield><datafield ind1=" " ind2=" " tag="310"><subfield code="a">Weekly</subfield></datafield><datafield ind1="0" ind2=" " tag="362"><subfield code="a">No. 11 (Apr. 20, 1812)-no. 13 (May 9, 1812).</subfield></datafield><datafield ind1=" " ind2=" " tag="530"><subfield code="a">Also issued on microfilm from University Microfilms (American periodical series, 1800-1850); also available online.</subfield></datafield><datafield ind1=" " ind2=" " tag="530"><subfield code="a">Also issued on microopaque by Readex Microprint Corp.</subfield></datafield><datafield ind1=" " ind2="0" tag="651"><subfield code="a">Boston (Mass.)</subfield><subfield code="v">Newspapers.</subfield></datafield><datafield ind1=" " ind2="7" tag="655"><subfield code="a">Newspapers.</subfield><subfield code="2">fast</subfield><subfield code="0">(OCoLC)fst01423814</subfield></datafield><datafield ind1=" " ind2="7" tag="651"><subfield code="a">Massachusetts</subfield><subfield code="z">Boston.</subfield><subfield code="2">fast</subfield><subfield code="0">(OCoLC)fst01205012</subfield></datafield><datafield ind1=" " ind2=" " tag="752"><subfield code="a">United States</subfield><subfield code="b">Massachusetts</subfield><subfield code="c">Suffolk</subfield><subfield code="d">Boston.</subfield></datafield><datafield ind1="1" ind2=" " tag="776"><subfield code="t">Boston satirist, or, Weekly museum</subfield><subfield code="w">(DLC)sf 89091498</subfield><subfield code="w">(OCoLC)10127738</subfield></datafield><datafield ind1="1" ind2=" " tag="776"><subfield code="t">Boston satirist, or Weekly museum (Online)</subfield><subfield code="w">(DLC)  2008233086</subfield><subfield code="w">(OCoLC)65211658</subfield></datafield><datafield ind1="0" ind2="0" tag="780"><subfield code="t">Satirist (Boston, Mass.)</subfield><subfield code="w">(DLC)sn 85047615</subfield><subfield code="w">(OCoLC)2267478</subfield></datafield><datafield ind1=" " ind2=" " tag="850"><subfield code="a">MH</subfield></datafield><datafield ind1="4" ind2="1" tag="856"><subfield code="u">http://gateway.proquest.com/openurl?url_ver=Z39.88-2004&amp;res_dat=xri:pqd::hnp&amp;rft_val_fmt=info:ofi/fmt:kev:mtx:journal&amp;rft_dat=xri:pqd:PMID=42272</subfield></datafield></record>